@article{ken93,
  title={Characteristics of Fluctuations in Wheat Prices},
  author={Abbott, Kenneth C},
  journal={Bankers Trust Topics in Money and Securities Markets},
  volume={113},
  number={1},
  pages={1--13},
  year={1993},
  publisher={Bankers Trust}
}

@article{wang12,
  title={Model Validation of Characteristics of Seasonal Fluctuations in Wheat Prices},
  author={Wang, Meng and Yang, Hong and Chu, Yue and Zhang, Shuo},
  journal={Advanced Risk Management Spring 2012},
  volume={1},
  number={1},
  pages={1--12},
  year={2012},
  publisher={Advanced Risk Management Spring 2012}
}